@inproceedings{DBLP:conf/ifip/Reynolds83,
  author    = {John C. Reynolds},
  title     = {Types, Abstraction and Parametric Polymorphism},
  booktitle = {{IFIP} Congress},
  pages     = {513--523},
  year      = {1983},
  timestamp = {Thu, 03 Jan 2002 12:03:25 +0100},
  biburl    = {http://dblp.uni-trier.de/rec/bib/conf/ifip/Reynolds83},
  bibsource = {dblp computer science bibliography, http://dblp.org}
}
@inproceedings{DBLP:conf/popl/AtkeyGJ14,
  author    = {Robert Atkey and
               Neil Ghani and
               Patricia Johann},
  title     = {A relationally parametric model of dependent type theory},
  booktitle = {The 41st Annual {ACM} {SIGPLAN-SIGACT} Symposium on Principles of
               Programming Languages, {POPL} '14, San Diego, CA, USA, January 20-21,
               2014},
  pages     = {503--516},
  year      = {2014},
  doi       = {10.1145/2535838.2535852},
  timestamp = {Thu, 09 Jan 2014 08:32:32 +0100},
  biburl    = {http://dblp.uni-trier.de/rec/bib/conf/popl/AtkeyGJ14},
  bibsource = {dblp computer science bibliography, http://dblp.org}
}
@inproceedings{DBLP:conf/fpca/Wadler89,
  author    = {Philip Wadler},
  title     = {Theorems for Free!},
  booktitle = {Proceedings of the fourth international conference on Functional programming
               languages and computer architecture, {FPCA} 1989, London, UK, September
               11-13, 1989},
  pages     = {347--359},
  year      = {1989},
  doi       = {10.1145/99370.99404},
  timestamp = {Thu, 12 Nov 2015 12:04:24 +0100},
  biburl    = {http://dblp.uni-trier.de/rec/bib/conf/fpca/Wadler89},
  bibsource = {dblp computer science bibliography, http://dblp.org}
}
@Book{hottbook,
  author =    {The {Univalent Foundations Program}},
  title =     {Homotopy Type Theory: Univalent Foundations of Mathematics},
  publisher = {\url{https://homotopytypetheory.org/book}},
  address =   {Institute for Advanced Study},
  year =      2013}
@inproceedings{DBLP:conf/csl/KellerL12,
  author    = {Chantal Keller and
               Marc Lasson},
  title     = {Parametricity in an Impredicative Sort},
  booktitle = {Computer Science Logic (CSL'12) - 26th International Workshop/21st
               Annual Conference of the EACSL, {CSL} 2012, September 3-6, 2012, Fontainebleau,
               France},
  pages     = {381--395},
  year      = {2012},
  doi       = {10.4230/LIPIcs.CSL.2012.381},
  timestamp = {Sun, 08 Nov 2015 18:33:34 +0100},
  biburl    = {http://dblp.uni-trier.de/rec/bib/conf/csl/KellerL12},
  bibsource = {dblp computer science bibliography, http://dblp.org}
}
@article{DBLP:journals/apal/EscardoS16,
  author    = {Mart{\'{\i}}n H{\"{o}}tzel Escard{\'{o}} and
               Thomas Streicher},
  title     = {The intrinsic topology of {M}artin-{L}{\"{o}}f universes},
  journal   = {Ann. Pure Appl. Logic},
  volume    = 167,
  number    = 9,
  pages     = {794--805},
  year      = 2016,
  doi       = {10.1016/j.apal.2016.04.010},
  timestamp = {Thu, 23 Jun 2016 15:53:27 +0200},
  biburl    = {http://dblp.uni-trier.de/rec/bib/journals/apal/EscardoS16},
  bibsource = {dblp computer science bibliography, http://dblp.org}
}

@Misc{parametricity:and:em,
  author = 	 {Booij, Auke},
  title = 	 {Parametricity and excluded middle},
  howpublished = {Homotopy Type Theory web page},
  month = 	 {February},
  year = 	 2016,
  note = 	 {\url{https://homotopytypetheory.org/2016/02/24/parametricity-and-excluded-middle/}}}
@Misc{automorphisms:kraus,
  author = 	 {Nicolai Kraus},
  title = 	 {Automorphisms of {U}},
  howpublished = {Homotopy Type Theory mailing list},
  day = 21,
  month = 	 {August},
  year = 	 2014,
  note = 	 {\url{https://groups.google.com/d/msg/homotopytypetheory/8CV0S2DuOI8/Phqpk7aMR7cJ}}
}
@Misc{automorphisms:lumsdaine:lem,
  author = 	 {Peter LeFanu Lumsdaine},
  title = 	 {Automorphisms of {U}},
  howpublished = {Homotopy Type Theory mailing list},
  day = 16,
  month = 	 {August},
  year = 	 2014,
  note = 	 {\url{https://groups.google.com/d/msg/homotopytypetheory/8CV0S2DuOI8/ZvS9S-gROfIJ}}
}
@Misc{automorphisms:lumsdaine:proposition,
  author = 	 {Peter LeFanu Lumsdaine},
  title = 	 {Automorphisms of {U}},
  howpublished = {Homotopy Type Theory mailing list},
  day = 25,
  month = 	 {August},
  year = 	 2014,
  note = 	 {\url{https://groups.google.com/d/msg/homotopytypetheory/8CV0S2DuOI8/O_AfdzHAflwJ}}
}
@article{DBLP:journals/jfp/BernardyJP12,
  author    = {Jean{-}Philippe Bernardy and
               Patrik Jansson and
               Ross Paterson},
  title     = {Proofs for free - Parametricity for dependent types},
  journal   = {J. Funct. Program.},
  volume    = {22},
  number    = {2},
  pages     = {107--152},
  year      = {2012},
  doi       = {10.1017/S0956796812000056},
  timestamp = {Wed, 03 Apr 2013 22:45:08 +0200},
  biburl    = {http://dblp.uni-trier.de/rec/bib/journals/jfp/BernardyJP12},
  bibsource = {dblp computer science bibliography, http://dblp.org}
}